<record><leader>00000cas a22000007a 4500</leader><controlfield tag="001">15390149</controlfield><controlfield tag="008">870328d19461947pauwr ne      0    0eng d</controlfield><datafield ind1=" " ind2=" " tag="010"><subfield code="a">sn 87078379 </subfield></datafield><datafield ind1=" " ind2=" " tag="040"><subfield code="a">NPH</subfield><subfield code="b">eng</subfield><subfield code="c">NPH</subfield><subfield code="d">OCLCQ</subfield></datafield><datafield ind1=" " ind2=" " tag="042"><subfield code="a">msc</subfield></datafield><datafield ind1="0" ind2="0" tag="245"><subfield code="a">Lewisburg journal and the Lewisburg Saturday news.</subfield></datafield><datafield ind1=" " ind2=" " tag="260"><subfield code="a">Lewisburg, Pa. :</subfield><subfield code="b">[s.n.],</subfield><subfield code="c">1946-1947.</subfield></datafield><datafield ind1=" " ind2=" " tag="300"><subfield code="a">v. :</subfield><subfield code="b">ill.</subfield></datafield><datafield ind1=" " ind2=" " tag="310"><subfield code="a">Weekly</subfield></datafield><datafield ind1="0" ind2=" " tag="362"><subfield code="a">Vol. 80, no. 45 (Sept. 5, 1946)- ; v. 80, no. [18] (Mar. 6, 1947).</subfield></datafield><datafield ind1=" " ind2=" " tag="500"><subfield code="a">Editor: William N. Barto, &lt;1946&gt;.</subfield></datafield><datafield ind1=" " ind2=" " tag="752"><subfield code="a">United States</subfield><subfield code="b">Pennsylvania</subfield><subfield code="c">Union</subfield><subfield code="d">Lewisburg.</subfield></datafield><datafield ind1="0" ind2="4" tag="780"><subfield code="t">Lewisburg journal (Lewisburg, Pa. : 1865)</subfield><subfield code="w">(DLC)sn 83032236</subfield></datafield><datafield ind1="0" ind2="4" tag="780"><subfield code="t">Lewisburgh Saturday news</subfield><subfield code="w">(DLC)sn 85055127</subfield></datafield><datafield ind1="0" ind2="0" tag="785"><subfield code="t">Lewisburg journal-news</subfield><subfield code="w">(DLC)sn 85055128</subfield></datafield><datafield ind1="1" ind2=" " tag="029"><subfield code="a">AU@</subfield><subfield code="b">000025806672</subfield></datafield></record>